<?xml version="1.0" encoding="UTF-8"?>
<collection xmlns:xsi="http://www.w3.org/2001/XMLSchema-instance" xsi:schemaLocation="http://www.loc.gov/MARC21/slim http://www.loc.gov/standards/marcxml/schema/MARC21slim.xsd" xmlns="http://www.loc.gov/MARC21/slim">
<record>
  <leader>00873nam a22001811  4500</leader>
  <controlfield tag="001">3068322</controlfield>
  <controlfield tag="003">NNC</controlfield>
  <controlfield tag="005">20030429142358.0</controlfield>
  <controlfield tag="008">010820m19651966iq            000 0 ara d</controlfield>
  <datafield tag="035" ind1=" " ind2=" ">
    <subfield code="a">(OCoLC)ocm47807343</subfield>
  </datafield>
  <datafield tag="035" ind1=" " ind2=" ">
    <subfield code="9">ATP0769CU</subfield>
  </datafield>
  <datafield tag="040" ind1=" " ind2=" ">
    <subfield code="a">ZCU</subfield>
    <subfield code="c">ZCU</subfield>
  </datafield>
  <datafield tag="099" ind1=" " ind2=" ">
    <subfield code="a">893.799</subfield>
    <subfield code="a">Sa21</subfield>
  </datafield>
  <datafield tag="100" ind1="1" ind2=" ">
    <subfield code="a">Saʻīd, Ṣādiq Mahdī.</subfield>
  </datafield>
  <datafield tag="245" ind1="1" ind2="3">
    <subfield code="a">al-ʻAmal wa-al-ḍamān al-ijtimāʻī fī al-Islām;</subfield>
    <subfield code="b">baḥth fiqhī Islāmī asīl fī ahammīyat wawujūb al-ʻamal wa-al-ʻalaqāt al-intājīyah bayna al-ʻummāl waʾaṣḥāb al-ʻamal waḍamān maʻīshat al-fard, biḥasb al-madāris al-fiqhīyah al-Islāmīyah al-kubrā:</subfield>
    <subfield code="c">al-Jaʻfarīyah, al-Hanafīyah, al-Shāfiʻīyah, al-Mālikīyah, al-Ḥanbalīyah. Li Ṣādiq Mahdī al-Saʻīd.</subfield>
  </datafield>
  <datafield tag="260" ind1=" " ind2=" ">
    <subfield code="a">Baghdād,</subfield>
    <subfield code="b">Maṭbaʻat al-Maʻārif,</subfield>
    <subfield code="c">1965/66.</subfield>
  </datafield>
  <datafield tag="300" ind1=" " ind2=" ">
    <subfield code="a">224 p.</subfield>
  </datafield>
  <datafield tag="955" ind1=" " ind2=" ">
    <subfield code="b">CU58867325</subfield>
    <subfield code="d">off,glx</subfield>
    <subfield code="e">893.799 Sa21</subfield>
  </datafield>
</record>
</collection>